@BOOK{Saleh-Teich,
  AUTHOR =       {Saleh, B.E.A. and Teich, M.V.},
  TITLE =        {Fundamentals of Photonics},
  PUBLISHER =    {John Wiley and Sons, ISBN 0-471-83965-5},
  YEAR =         {1991},
  address =      {New York},
  isbn =         {0-471-83965-5}
}

@BOOK{Moeller,
  Key =         {Moller},
  AUTHOR =       {M{\"o}ller, K.D.},
  TITLE =        {Optics},
  PUBLISHER =    {University Science Books, ISBN 0-935702-145-8},
  YEAR =         {1988},
  isbn =         {0-935702-145-8},
}

@BOOK{Born-Wolf,
  AUTHOR =       {Born, M. and Wolf, E.},
  TITLE =        {Principles of Optics},
  PUBLISHER =    {Cambridge University Press, ISBN 0-521-642221},
  YEAR =         {1999},
  edition =      {7th (expanded)},
  isbn =         {0-521-642221},
}

@BOOK{Yariv-QM,
  AUTHOR =       {Yariv, A.},
  TITLE =        {An Introduction to Theory and Applications of Quantum Mechanics},
  PUBLISHER =    {John Wiley and Sons},
  YEAR =         {1982},
}

@BOOK{Guenther,
  AUTHOR =       {Guenther, R.},
  TITLE =        {Modern Optics},
  PUBLISHER =    {John Wiley and Sons, ISBN 0-471-60538-7},
  YEAR =         {1990},
  isbn =         {0-471-60538-7},
}

@BOOK{Svelto,
  AUTHOR =       {Svelto, O.},
  TITLE =        {Principles of Lasers},
  PUBLISHER =    {Plenum Press, ISBN 0-306-45748-2},
  YEAR =         {1998},
  edition =      {4th},
  isbn =         {0-306-45748-2},
}

@BOOK{Weinstock-Variatie,
  AUTHOR =       {Weinstock, R.},
  TITLE =        {Calculus of Variation},
  PUBLISHER =    {Dover},
  YEAR =         {1974},
  address =      {New York},
}

@BOOK{Directory,
  KEY   =        {PDir},
  AUTHOR =       {},
  editor =       {},
  TITLE =        {The Photonics Directory, Book 1-4, www.photonicsdirectory.com},
  PUBLISHER =    {Laurin Publishing Company},
  YEAR =         {2003},
  address =      {Book 1: The Photonics Corporate Guide, Book 2: The Photonics Buyers' guide, Book 3: The Photonics Handbook, Book 4: The Photonics Dictionary},
}

@BOOK{Leighton-Principles,
  AUTHOR =       {Leighton, R.B.},
  TITLE =        {Principles of Modern Physics},
  PUBLISHER =    {McGraw-Hill},
  YEAR =         {1959},
}
